<record><leader>00000cas a22000007a 4500</leader><controlfield tag="001">11875468</controlfield><controlfield tag="008">850402d19251940utuwr ne      0    0eng d</controlfield><datafield ind1=" " ind2=" " tag="010"><subfield code="a">sn 85058093 </subfield></datafield><datafield ind1=" " ind2=" " tag="040"><subfield code="a">UNP</subfield><subfield code="b">eng</subfield><subfield code="c">UNP</subfield><subfield code="d">OCLCQ</subfield></datafield><datafield ind1=" " ind2=" " tag="042"><subfield code="a">msc</subfield></datafield><datafield ind1="0" ind2="0" tag="245"><subfield code="a">Weekly news-express.</subfield></datafield><datafield ind1=" " ind2=" " tag="260"><subfield code="a">Layton, Utah :</subfield><subfield code="b">H.T. Evans</subfield></datafield><datafield ind1=" " ind2=" " tag="300"><subfield code="a">v. :</subfield><subfield code="b">ill.</subfield></datafield><datafield ind1=" " ind2=" " tag="310"><subfield code="a">Weekly</subfield></datafield><datafield ind1="1" ind2=" " tag="362"><subfield code="a">Began with Oct. 26, 1925 issue.</subfield><subfield code="z">Cf. Alter, J.C. Early Utah journalism.</subfield></datafield><datafield ind1="1" ind2=" " tag="362"><subfield code="a">Ceased in 1940?</subfield></datafield><datafield ind1=" " ind2=" " tag="588"><subfield code="a">Description based on: Vol. 9, no. 10 (Nov. 16, 1933).</subfield></datafield><datafield ind1=" " ind2=" " tag="752"><subfield code="a">United States</subfield><subfield code="b">Utah</subfield><subfield code="c">Davis</subfield><subfield code="d">Layton.</subfield></datafield><datafield ind1="0" ind2="0" tag="785"><subfield code="t">Layton journal</subfield><subfield code="w">(DLC)sn 85058094</subfield><subfield code="w">(OCoLC)11875506</subfield></datafield></record>